@article{a-new-principle,
author = {Goris, Evan and Joosten, Joost},
year = {2011},
month = {02},
pages = {1-17},
title = {A new principle in the interpretability logic of all reasonable arithmetical theories},
volume = {19},
journal = {Logic Journal of the IGPL},
doi = {10.1093/jigpal/jzp082}
}
@phdthesis{norell:thesis,
  author  = {Ulf Norell},
  title	  = {Towards a practical programming language based on dependent type
	     theory},
  school  = {Department of Computer Science and Engineering, Chalmers University of Technology},
  year	  = 2007,
  month	  = {September},
  address = {SE-412 96 G\"{o}teborg, Sweden}
}
@article{Goris2020-GORTNS-3,
	title = {Two New Series of Principles in the Interpretability Logic of All Reasonable Arithmetical Theories},
	volume = {85},
	number = {1},
	journal = {Journal of Symbolic Logic},
	pages = {1--25},
	author = {Evan Goris and Joost J. Joosten},
	doi = {10.1017/jsl.2019.90},
	year = {2020}
}
